@book{kniberg,
author={Henrik Kniberg},
title={Scrum and XP from the Trenches},
publisher={C4Media Inc},
year={2007}
}

@misc{zotonic,
title={Zotonic, an Erlang CMS},
url={http://www.zotonic.com/},
note={Accessed 3 Jan 2012}
}

@misc{fb_chat,
title={Facebook Chat},
author={Eugene Letuchy},
url={https://www.facebook.com/note.php?note_id=14218138919},
month=may,
year=2008,
note={Accessed 3 Jan 2012}
}

@misc{fb_pres,
title={Developing Facebook Chat – the Technologies and the Buzzwords},
url={http://www.sawantshah.com/open-source/developing-facebook-chat-the-technologies-and-the-buzzwords/},
note={Accessed 3 Jan 2012}
}

@misc{erlangweb,
title={Erlang Web},
url={http://www.erlang-web.org/},
note={Accessed 3 Jan 2012}
}

@misc{nitrogen,
title={Nitrogen - Nitrogen Web Framework for Erlang},
url={http://nitrogenproject.com/},
note={Accessed 3 Jan 2012}
}

@misc{chicagoboss,
title={Chicago Boss - Index - Chicago Boss},
url={http://www.chicagoboss.org/},
note={Accessed 3 Jan 2012}
}

@misc{mochiweb,
title={mochi/mochiweb - GitHub},
url={https://github.com/mochi/mochiweb},
note={Accessed 3 Jan 2012}
}

@misc{yaws,
title={Yaws},
url={http://yaws.hyber.org/},
note={Accessed 3 Jan 2012}
}

@misc{cowboy_pres,
author={Loïc Hoguin},
title={A Cowboy quest for a modern web},
note={Talk at Erlang User Conference 3 November 2011, Stockholm}
}