@misc{bootstrap,
title={Bootstrap toolkit},
author={Twitter Inc},
url={http://twitter.github.com/bootstrap/},
note={Accessed 5 Jan 2012}
}

@misc{jquery,
title={jQuery},
author={The jQuery Project},
url={http://jquery.com/},
note={Accessed 5 Jan 2012}
}

@misc{diplomacy,
title={Diplomacy},
author={Allan B. Calhamer},
url={http://www.wizards.com/default.asp?x=ah/prod/diplomacy},
isbn={978-0-7869-5008-9}
note={Accessed 5 Jan 2012},
year={2012}
}


@misc{websockets,
title={{The WebSocket Protocol}},
author={Internet Engineering Task Force (IETF)},
url={http://tools.ietf.org/html/rfc6455},
year={2011},
note={Accessed 5 Jan 2012}
}

@misc{escript,
title={escript},
url={http://www.erlang.org/doc/man/escript.html},
note={Accessed 9 Jan 2012}
}

@misc{process_groups,
title={Process groups},
url={http://www.erlang.org/doc/man/pg2.html},
note={Accessed 5 Jan 2012}
}

@misc{sn_arch,
title={Shared Nothing Architecture},
url={http://en.wikipedia.org/wiki/Shared_nothing_architecture},
note={Accessed 5 Jan 2012}
}

@misc{cap_controls,
title={CAP Controls},
url={http://wiki.basho.com/Tunable-CAP-Controls-in-Riak.html},
note={Accessed 5 Jan 2012}
}

@book{mvc,
  title={Design patterns: elements of reusable object-oriented software},
  author={Gamma, E.},
  isbn={9780201633610},
  lccn={94034264},
  series={Addison-Wesley professional computing series},
  year={1995},
  publisher={Addison-Wesley}
}

@misc{hybi-10,
title={The WebSocket protocol draft-ietf-hybi-thewebsocketprotocol-10},
url={http://tools.ietf.org/html/draft-ietf-hybi-thewebsocketprotocol-10},
year={2011},
note={Work in progress.}
}

@misc{yaws-fork,
title={Yaws fork websocket\_hy10 branch},
url={https://github.com/jbothma/yaws/tree/websocket\_hy10},
note={Accessed 9 Jan 2012}
}

@misc{new-websocket-google-blog,
title={New WebSocket Protocol: Secure and Extensible},
url={http://blog.chromium.org/2011/08/new-websocket-protocol-secure-and.html},
note={Accessed 9 Jan 2012}
}

@misc{our-yaws,
title={Treacherous Talks Yaws fork},
url={https://github.com/treacheroustalks/yaws},
note={Accessed 9 Jan 2012}
}